<record><leader>00000cas a2200000 i 4500</leader><controlfield tag="001">1001563883</controlfield><controlfield tag="008">170823d19uu19uuncuuu ne      0    0eng c</controlfield><datafield ind1=" " ind2=" " tag="010"><subfield code="a">  2017236928</subfield></datafield><datafield ind1=" " ind2=" " tag="040"><subfield code="a">NOC</subfield><subfield code="b">eng</subfield><subfield code="e">rda</subfield><subfield code="c">NOC</subfield><subfield code="d">OCLCF</subfield><subfield code="d">NOC</subfield></datafield><datafield ind1=" " ind2=" " tag="042"><subfield code="a">pcc</subfield></datafield><datafield ind1=" " ind2=" " tag="043"><subfield code="a">n-us-nc</subfield></datafield><datafield ind1=" " ind2="4" tag="050"><subfield code="a">BX6248.N8</subfield></datafield><datafield ind1="2" ind2=" " tag="110"><subfield code="a">Gaston County Baptist Association (N.C.),</subfield><subfield code="e">author.</subfield></datafield><datafield ind1="1" ind2="4" tag="245"><subfield code="a">The Gaston County Baptist messenger.</subfield></datafield><datafield ind1=" " ind2="1" tag="264"><subfield code="a">Gastonia, N.C. :</subfield><subfield code="b">[Gaston County Baptist Association]</subfield></datafield><datafield ind1=" " ind2=" " tag="300"><subfield code="a">volumes :</subfield><subfield code="b">illustrations ;</subfield><subfield code="c">48 cm</subfield></datafield><datafield ind1=" " ind2=" " tag="336"><subfield code="a">text</subfield><subfield code="b">txt</subfield><subfield code="2">rdacontent</subfield></datafield><datafield ind1=" " ind2=" " tag="337"><subfield code="a">unmediated</subfield><subfield code="b">n</subfield><subfield code="2">rdamedia</subfield></datafield><datafield ind1=" " ind2=" " tag="338"><subfield code="a">volume</subfield><subfield code="b">nc</subfield><subfield code="2">rdacarrier</subfield></datafield><datafield ind1=" " ind2=" " tag="550"><subfield code="a">Organ of the Gaston County Baptist Association.</subfield></datafield><datafield ind1=" " ind2=" " tag="588"><subfield code="a">Description based on: Historical issue (December 14th, 1923); title from caption.</subfield></datafield><datafield ind1=" " ind2=" " tag="588"><subfield code="a">Latest issue consulted: Historical issue (December 14th, 1923).</subfield></datafield><datafield ind1="2" ind2="0" tag="610"><subfield code="a">Gaston County Baptist Association (N.C.)</subfield><subfield code="v">Newspapers.</subfield></datafield><datafield ind1="2" ind2="7" tag="610"><subfield code="a">Gaston County Baptist Association (N.C.)</subfield><subfield code="2">fast</subfield><subfield code="0">(OCoLC)fst01913699</subfield></datafield><datafield ind1=" " ind2="0" tag="650"><subfield code="a">Baptists</subfield><subfield code="z">North Carolina</subfield><subfield code="z">Gaston County</subfield><subfield code="v">Newspapers.</subfield></datafield><datafield ind1=" " ind2="0" tag="651"><subfield code="a">Gastonia (N.C.)</subfield><subfield code="v">Newspapers.</subfield></datafield><datafield ind1=" " ind2="7" tag="650"><subfield code="a">Baptists.</subfield><subfield code="2">fast</subfield><subfield code="0">(OCoLC)fst00827285</subfield></datafield><datafield ind1=" " ind2="7" tag="651"><subfield code="a">North Carolina</subfield><subfield code="z">Gaston County.</subfield><subfield code="2">fast</subfield><subfield code="0">(OCoLC)fst01247195</subfield></datafield><datafield ind1=" " ind2="7" tag="651"><subfield code="a">North Carolina</subfield><subfield code="z">Gastonia.</subfield><subfield code="2">fast</subfield><subfield code="0">(OCoLC)fst01206095</subfield></datafield><datafield ind1=" " ind2="7" tag="655"><subfield code="a">Newspapers.</subfield><subfield code="2">fast</subfield><subfield code="0">(OCoLC)fst01423814</subfield></datafield><datafield ind1=" " ind2=" " tag="752"><subfield code="a">United States</subfield><subfield code="b">North Carolina</subfield><subfield code="c">Gaston</subfield><subfield code="d">Gastonia.</subfield></datafield><datafield ind1="0" ind2="8" tag="776"><subfield code="i">Online version:</subfield><subfield code="a">Gaston County Baptist Association (N.C.).</subfield><subfield code="t">Gaston County Baptist messenger</subfield><subfield code="w">(DLC)  2017236945</subfield><subfield code="w">(OCoLC)1010952149</subfield></datafield></record>